<collection xmlns="http://www.loc.gov/MARC21/slim"><record><leader>00801nam  2200241   450</leader><controlfield tag="001">929</controlfield><controlfield tag="003">http://montalegre.opacnet.com/OPAC/default.aspx?ContentAreaControl=ShowRegHoldings.ascx&amp;RegNo=16662</controlfield><datafield tag="095" ind1=" " ind2=" "><subfield code="a">PTBN00008796</subfield></datafield><datafield tag="100" ind1=" " ind2=" "><subfield code="a">19860921d1985    m  y0pora010305  ba</subfield></datafield><datafield tag="101" ind1="1" ind2=" "><subfield code="a">por</subfield></datafield><datafield tag="102" ind1=" " ind2=" "><subfield code="a">PT</subfield></datafield><datafield tag="200" ind1="1" ind2=" "><subfield code="a">Histórias para meninos sem juízo</subfield><subfield code="f">Jacques Prévert</subfield><subfield code="g">il. Elsa Henriquez</subfield><subfield code="g">trad. Pedro Tamen</subfield></datafield><datafield tag="210" ind1=" " ind2=" "><subfield code="a">Lisboa</subfield><subfield code="c">Teorema</subfield><subfield code="d">imp. 1985</subfield></datafield><datafield tag="215" ind1=" " ind2=" "><subfield code="a">90, [3] p.</subfield><subfield code="c">il.</subfield><subfield code="d">19 cm</subfield></datafield><datafield tag="225" ind1="2" ind2=" "><subfield code="a">Sésamo</subfield><subfield code="v">2</subfield></datafield><datafield tag="675" ind1=" " ind2=" "><subfield code="a">087.5</subfield><subfield code="v">bn</subfield><subfield code="z">por</subfield></datafield><datafield tag="675" ind1=" " ind2=" "><subfield code="z">por</subfield></datafield><datafield tag="700" ind1=" " ind2="1"><subfield code="a">Prévert</subfield><subfield code="b">Jacques</subfield><subfield code="f">1900-1977</subfield></datafield><datafield tag="702" ind1=" " ind2="1"><subfield code="a">Henriquez</subfield><subfield code="b">Elsa</subfield><subfield code="4">440</subfield></datafield><datafield tag="702" ind1=" " ind2="1"><subfield code="a">Tamen</subfield><subfield code="b">Pedro</subfield><subfield code="f">1934-</subfield><subfield code="4">730</subfield></datafield><datafield tag="801" ind1=" " ind2="0"><subfield code="a">PT</subfield><subfield code="b">Biblioteca Municipal de Montalegre</subfield><subfield code="g">RPC</subfield></datafield><datafield tag="856" ind1=" " ind2=" "><subfield code="u">locateMedia.asp?cod=20060630110217&amp;ext=jpg</subfield><subfield code="z">CAPA</subfield></datafield><datafield tag="909" ind1="&#9;" ind2=" "><subfield code="a">2</subfield></datafield><datafield tag="966" ind1=" " ind2=" "><subfield code="a">0001819</subfield><subfield code="l">BMM</subfield><subfield code="s">SJ 087.5 PRÉ his 2</subfield></datafield><datafield tag="966" ind1=" " ind2=" "><subfield code="a">0001820</subfield><subfield code="l">BMM</subfield><subfield code="s">SJ 087.5 PRÉ his 2</subfield></datafield></record></collection>